@IEEEtranBSTCTL{IEEEexample:BSTcontrol,
  CTLdash_repeated_names = "no"
}


@online{aldebarandocumentation,
	author = {Aldebaran},
	title = {NAOqi APIs},
	date = {08.08.2018},
	url = {http://doc.aldebaran.com/2-1/naoqi/index.html},
}
